@manual{android_location,
  title     = {Sensors and location},
  author    = {{Android Developers}},
  organization = {Google},
  year      = {2025},
  url       = {https://developer.android.com/develop/sensors-and-location/location/retrieve-current?hl=ru},
}

@manual{fused_location_api,
  title        = {Fused Location Provider API},
  author       = {{Google Play Services}},
  organization = {Google},
  year         = {2025},
  url          = {https://developers.google.com/location-context/fused-location-provider},
}

@manual{compose_runtime,
  title        = {Jetpack Compose — Declarative UI},
  author       = {{Android Developers}},
  organization = {Google},
  year         = {2025},
  url          = {https://developer.android.com/jetpack/compose},
}

@article{kotlin_reference,
  author  = {JetBrains},
  title   = {Kotlin Language Documentation},
  url = {https://kotlinlang.org/docs/kotlin-tour-hello-world.html#practice},
  year    = {2025},
}

@standard{gost7322017,
  title     = {ГОСТ 7.32-2017. Отчет о научно-исследовательской работе},
  organization = {МЕЖГОСУДАРСТВЕННЫЙ СОВЕТ ПО СТАНДАРТИЗАЦИИ, МЕТРОЛОГИИ И СЕРТИФИКАЦИИ (МГС)},
  year      = {2017}
}

@manual{json_android,
  title        = {org.json: JSON in Android},
  author       = {{Android Developers}},
  organization = {Google},
  year         = {2025},
  url          = {https://developer.android.com/reference/org/json/JSONArray},
}